<?xml version="1.0" encoding="UTF-8"?>
<record xmlns="http://www.loc.gov/MARC21/slim">
   <leader>01413cam a2200397 a 4500</leader>
   <controlfield tag="001">2902813</controlfield>
   <controlfield tag="003">CaMWOCL</controlfield>
   <controlfield tag="005">20031010151237.0</controlfield>
   <controlfield tag="008">031010s2004    abc      b   s000 0 eng d</controlfield>
   <datafield tag="020" ind1=" " ind2=" ">
      <subfield code="a">1896956920</subfield>
   </datafield>
   <datafield tag="035" ind1=" " ind2=" ">
      <subfield code="a">ocm56614140</subfield>
   </datafield>
   <datafield tag="040" ind1=" " ind2=" ">
      <subfield code="b">eng</subfield>
      <subfield code="d">AEG</subfield>
      <subfield code="d">AERA</subfield>
   </datafield>
   <datafield tag="060" ind1=" " ind2="4">
      <subfield code="a">WN 185 S4252 2004</subfield>
   </datafield>
   <datafield tag="090" ind1=" " ind2=" ">
      <subfield code="a">RC 78.7 N83 S42 2004</subfield>
      <subfield code="b">AECCI</subfield>
   </datafield>
   <datafield tag="090" ind1=" " ind2=" ">
      <subfield code="a">WN 185 S4252 2004</subfield>
      <subfield code="d">AERA</subfield>
   </datafield>
   <datafield tag="090" ind1=" " ind2=" ">
      <subfield code="a">WN 185 S4252 2004</subfield>
      <subfield code="b">AEG</subfield>
   </datafield>
   <datafield tag="090" ind1=" " ind2=" ">
      <subfield code="a">RC 78.7 N83 S4252 2004</subfield>
      <subfield code="b">AEU</subfield>
   </datafield>
   <datafield tag="100" ind1="1" ind2=" ">
      <subfield code="a">Scott, Ann.</subfield>
   </datafield>
   <datafield tag="240" ind1="0" ind2="0">
      <subfield code="a">Interventional and intraoperative magnetic resonance imaging /</subfield>
      <subfield code="c">Ann Scott.</subfield>
   </datafield>
   <datafield tag="245" ind1="1" ind2="0">
      <subfield code="a">Interventional and intraoperative magnetic resonance imaging 2004</subfield>
      <subfield code="c">Ann Scott.</subfield>
   </datafield>
   <datafield tag="260" ind1=" " ind2=" ">
      <subfield code="a">Edmonton, Alta. :</subfield>
      <subfield code="b">Alberta Heritage Foundation for Medical Research,</subfield>
      <subfield code="c">c2004.</subfield>
   </datafield>
   <datafield tag="300" ind1=" " ind2=" ">
      <subfield code="a">ii, 45 p. ;</subfield>
      <subfield code="c">28 cm.</subfield>
   </datafield>
   <datafield tag="336" ind1=" " ind2=" ">
      <subfield code="a">text</subfield>
      <subfield code="b">txt</subfield>
      <subfield code="2">rdacontent</subfield>
   </datafield>
   <datafield tag="337" ind1=" " ind2=" ">
      <subfield code="a">unmediated</subfield>
      <subfield code="b">n</subfield>
      <subfield code="2">rdamedia</subfield>
   </datafield>
   <datafield tag="338" ind1=" " ind2=" ">
      <subfield code="a">volume</subfield>
      <subfield code="b">nc</subfield>
      <subfield code="2">rdacarrier</subfield>
   </datafield>
   <datafield tag="490" ind1="1" ind2=" ">
      <subfield code="a">IP : Informational Paper :</subfield>
      <subfield code="v">17.</subfield>
   </datafield>
   <datafield tag="500" ind1=" " ind2=" ">
      <subfield code="a">"March 2004."</subfield>
   </datafield>
   <datafield tag="504" ind1=" " ind2=" ">
      <subfield code="a">Includes bibliographical references (p. 40-45).</subfield>
   </datafield>
   <datafield tag="596" ind1=" " ind2=" ">
      <subfield code="a">19 20 22 42</subfield>
   </datafield>
   <datafield tag="650" ind1=" " ind2="2">
      <subfield code="a">Magnetic Resonance Imaging</subfield>
      <subfield code="z">Alberta.</subfield>
   </datafield>
   <datafield tag="710" ind1="2" ind2=" ">
      <subfield code="a">Alberta Heritage Foundation for Medical Research.</subfield>
   </datafield>
   <datafield tag="830" ind1=" " ind2="0">
      <subfield code="a">IP (Series) ;</subfield>
      <subfield code="v">17.</subfield>
   </datafield>
   <datafield tag="949" ind1=" " ind2=" ">
      <subfield code="z">1896956947</subfield>
   </datafield>
   <datafield tag="926" ind1=" " ind2=" ">
      <subfield code="a">AHS_RAH</subfield>
      <subfield code="b">ON_SHELF</subfield>
      <subfield code="c">WN 185 S4252 2004</subfield>
      <subfield code="d">BOOK</subfield>
      <subfield code="f">1</subfield>
   </datafield>
   <datafield tag="926" ind1=" " ind2=" ">
      <subfield code="a">AHSGLENRSE</subfield>
      <subfield code="b">ON_SHELF</subfield>
      <subfield code="c">WN 185 S4252 2004</subfield>
      <subfield code="d">BOOK</subfield>
      <subfield code="f">1</subfield>
   </datafield>
   <datafield tag="926" ind1=" " ind2=" ">
      <subfield code="a">AHS_CROSS</subfield>
      <subfield code="b">ON_SHELF</subfield>
      <subfield code="c">RC 78.7 N83 S42 2004</subfield>
      <subfield code="d">BOOK</subfield>
      <subfield code="f">1</subfield>
   </datafield>
   <datafield tag="926" ind1=" " ind2=" ">
      <subfield code="a">UAHLTHSC</subfield>
      <subfield code="b">ON_SHELF</subfield>
      <subfield code="c">RC 78.7 N83 S4252 2004</subfield>
      <subfield code="d">BOOK</subfield>
      <subfield code="f">1</subfield>
   </datafield>
</record>
